<?xml version="1.0" encoding="UTF-8"?><record xmlns="http://www.loc.gov/MARC21/slim" xmlns:cinclude="http://apache.org/cocoon/include/1.0" xmlns:zs="http://www.loc.gov/zing/srw/">
  <leader>00397cz  a2200121n  4500</leader>
  <controlfield tag="001">n  90697819 </controlfield>
  <controlfield tag="003">DLC</controlfield>
  <controlfield tag="005">19900928103243.6</controlfield>
  <controlfield tag="008">900926n| acannaab|          |n ana |||  </controlfield>
  <datafield tag="010" ind1=" " ind2=" ">
    <subfield code="a">n  90697819 </subfield>
  </datafield>
  <datafield tag="040" ind1=" " ind2=" ">
    <subfield code="a">DLC</subfield>
    <subfield code="c">DLC</subfield>
    <subfield code="d">DLC</subfield>
  </datafield>
  <datafield tag="110" ind1="2" ind2="0">
    <subfield code="a">Aramean Ěnkerutʻiwn</subfield>
  </datafield>
  <datafield tag="670" ind1=" " ind2=" ">
    <subfield code="a">Matenadaran Aramean Ěnkerutʻean ; 13. Govrikean, G. Ěndhanur patmutʻiwn, hamaṛōt, 1879:</subfield>
    <subfield code="b">ser. t.p. (Aramean Ěnkerutʻean)</subfield>
  </datafield>
</record>